@book{Book-Kaiser,
    author    = "E. Kuro and J. Kaiser", 
    title     = "System analysis by digital computer",
    year      = "1966",
    publisher = "Weily"
}
 
@article{SISC-1993-Dutt-Rokhlin,
  author = "A. Dutt and V. Rokhlin",
  title = "Fast Fourier Transforms for Nonequispaced Data",
  journal = "SIAM J. Sci. Comput.",
  volume = "14(6)",
  pages = "1368-1393",
  year = "1993"
}

@article{SIAM-Rev-2004-Greengard,
  author = "L. Greengard and J. Lee",
  title = "Accelerating the Nonuniform Fast Fourier Transform",
  journal = "SIAM Rev.",
  volume = "46(3)",
  pages = "443-454",
  year = "2004"
}

@article{JCP-2003-Greengard,
  author = "L. Greengard and J. Lee",
  title = "The type 3 nonuniform FFT and its applications",
  journal = "J. Comput. Phys.",
  volume = "206",
  pages = "1-5",
  year = "2005"
}

@article{SISC-2018-Townsend,
  author = "D. Ruiz-Antolin and A. Townsend",
  title = "A nonuniform fast Fourier transform based on low rank approximation",
  journal = "SIAM J. Sci. Comput.",
  volume = "40",
  pages = "A528-A547",
  year = "2018"
}

@article{SISC-1996-Anderson,
  author = "C. Anderson and M. D. Dahleh",
  title = "Rapid Computation of the Discrete Fourier Transform",
  journal = "SIAM J. Sci. Comput.",
  volume = "17(4)",
  pages = "913-919",
  year = "1996"
}

@article{SISC-2019-Barnett,
  author = "A. H. Barnett and J. Magland and L. Klinteberg",
  title = "A Parallel Nonuniform Fast Fourier Transform Library Based on an Exponential of Semicircle Kernel",
  journal = "SIAM J. Sci. Comput.",
  volume = "41(5)",
  pages = "C479-C504",
  year = "2019"
}

@article{IEEE-2021-Barnett,
  author = "Y. Shih and G. Wright and J. Anden J. Blaschke and A. Barnett",
  title = "cuFINUFFT: a load-balanced GPU library for general-purpose nonuniform FFTs",
  journal = "IPDPSW",
  volume = "1",
  pages = "688-697",
  year = "2021"
}
